<record><leader>00000cas a2200000 a 4500</leader><controlfield tag="001">24798246</controlfield><controlfield tag="008">911116d1uuu192ukyuwr ne      0   a0eng d</controlfield><datafield ind1=" " ind2=" " tag="010"><subfield code="a">sn 91099402 </subfield></datafield><datafield ind1=" " ind2=" " tag="040"><subfield code="a">KNP</subfield><subfield code="b">eng</subfield><subfield code="c">KNP</subfield><subfield code="d">OCL</subfield><subfield code="d">OCLCQ</subfield><subfield code="d">KYUBL</subfield><subfield code="d">OCLCQ</subfield><subfield code="d">OCLCF</subfield><subfield code="d">OCLCO</subfield></datafield><datafield ind1="1" ind2=" " tag="029"><subfield code="a">AU@</subfield><subfield code="b">000025878953</subfield></datafield><datafield ind1=" " ind2=" " tag="042"><subfield code="a">msc</subfield></datafield><datafield ind1=" " ind2=" " tag="043"><subfield code="a">n-us-ky</subfield></datafield><datafield ind1="0" ind2="4" tag="245"><subfield code="a">The Todd County standard and Todd County times.</subfield></datafield><datafield ind1=" " ind2=" " tag="260"><subfield code="a">Elkton, Ky. :</subfield><subfield code="b">Colem P. and Robert T. Denny</subfield></datafield><datafield ind1=" " ind2=" " tag="300"><subfield code="a">v. :</subfield><subfield code="b">ill.</subfield></datafield><datafield ind1=" " ind2=" " tag="310"><subfield code="a">Weekly</subfield></datafield><datafield ind1=" " ind2=" " tag="588"><subfield code="a">Description based on: Feb. 25, 1921.</subfield></datafield><datafield ind1=" " ind2="0" tag="651"><subfield code="a">Elkton (Ky.)</subfield><subfield code="v">Newspapers.</subfield></datafield><datafield ind1=" " ind2="0" tag="651"><subfield code="a">Todd County (Ky.)</subfield><subfield code="v">Newspapers.</subfield></datafield><datafield ind1=" " ind2="7" tag="655"><subfield code="a">Newspapers.</subfield><subfield code="2">fast</subfield><subfield code="0">(OCoLC)fst01423814</subfield></datafield><datafield ind1=" " ind2="7" tag="651"><subfield code="a">Kentucky</subfield><subfield code="z">Elkton.</subfield><subfield code="2">fast</subfield><subfield code="0">(OCoLC)fst01251227</subfield></datafield><datafield ind1=" " ind2="7" tag="651"><subfield code="a">Kentucky</subfield><subfield code="z">Todd County.</subfield><subfield code="2">fast</subfield><subfield code="0">(OCoLC)fst01206904</subfield></datafield><datafield ind1=" " ind2=" " tag="752"><subfield code="a">United States</subfield><subfield code="b">Kentucky</subfield><subfield code="c">Todd</subfield><subfield code="d">Elkton.</subfield></datafield><datafield ind1="0" ind2="4" tag="780"><subfield code="t">Todd County standard</subfield></datafield><datafield ind1="0" ind2="4" tag="780"><subfield code="t">Todd Count times (Elkton, Ky.)</subfield><subfield code="w">(DLC)sn 87060386</subfield><subfield code="w">(OCoLC)17252524</subfield></datafield><datafield ind1="0" ind2="0" tag="785"><subfield code="t">Todd County standard (Elkton, Ky. : 1928)</subfield><subfield code="w">(DLC)sn 86069363</subfield><subfield code="w">(OCoLC)14037791</subfield></datafield></record>